
@article{clinical,
	title = {Clinical tests: sensitivity and specificity},
	volume = {8},
	url = {http://ceaccp.oxfordjournals.org/content/8/6/221.short},
	doi = {10.1093/bjaceaccp/mkn041},
	number = {6},
	journal = {Continuing Education in Anaesthesia, Critical Care \& Pain},
	author = {Lalkhen, Abdul Ghaaliq and McCluskey, Anthony},
	month = dec,
	year = {2008},
	pages = {221--223}
}

@book{learning,
	address = {Beijing},
	edition = {1. ed., [Nachdr.]},
	series = {Software that sees},
	title = {Learning {OpenCV}: [computer vision with the {OpenCV} library]},
	isbn = {9780596516130 9780596516130},
	shorttitle = {Learning {OpenCV}},
	language = {eng},
	publisher = {O'Reilly},
	author = {Bradski, Gary R. and Kaehler, Adrian},
	year = {2011},
	keywords = {Bildverarbeitung, Computer vision, OpenCV, Programmbibliothek},
	annote = {Literaturverz. S. 527 - 541}
}

@article{diagnosing,
	title = {Diagnosing small bowel {Crohn}’s disease with wireless capsule endoscopy},
	volume = {52},
	url = {http://gut.bmj.com/content/52/3/390.abstract},
	doi = {10.1136/gut.52.3.390},
	abstract = {Background: The small bowel is the most commonly affected site of Crohn’s disease (CD) although it may involve any part of the gastrointestinal tract. The current methodologies for examining the small bowel are x ray and endoscopy.Aims: To evaluate, for the first time, the effectiveness of wireless capsule endoscopy in patients with suspected CD of the small bowel undetected by conventional modalities, and to determine the diagnostic yield of the M2A Given Capsule.Patients: Seventeen patients (eight males, mean age 40 (15) years) with suspected CD fulfilled study entry criteria: nine had iron deficiency anaemia (mean haemoglobin 10.5 (SD 1.8) g\%), eight had abdominal pain, seven had diarrhoea, and three had weight loss. Small bowel x ray and upper and lower gastrointestinal endoscopic findings were normal. Mean duration of symptoms before diagnosis was 6.3 (SD 2.2) years.Methods: Each subject swallowed an M2A Given Capsule containing a miniature video camera, batteries, a transmitter, and an antenna. Recording time was approximately eight hours. The capsule was excreted naturally in the patient’s bowel movement, and the data it contained were retrieved and interpreted the next day.Results: Of the 17 study participants, 12 (70.6\%, six males, mean age 34.5 (12) years) were diagnosed as having CD of the small bowel according to the findings of the M2A Given Capsule.Conclusions: Wireless capsule endoscopy diagnosed CD of the small bowel (diagnostic yield of 71\%). It was demonstrated as being an effective modality for diagnosing patients with suspected CD undetected by conventional diagnostic methodologies.},
	number = {3},
	journal = {Gut},
	author = {Fireman, Z and Mahajna, E and Broide, E and Shapiro, M and Fich, L and Sternberg, A and Kopelman, Y and Scapa, E},
	month = mar,
	year = {2003},
	pages = {390--392}
}

@article{randomized,
	title = {A randomized trial comparing wireless capsule endoscopy with push enteroscopy for the detection of small-bowel lesions},
	volume = {119},
	url = {http://www.gastrojournal.org/article/S0016-5085(00)49998-1/abstract},
	doi = {10.1053/gast.2000.20844},
	number = {6},
	urldate = {2015-01-20},
	journal = {Gastroenterology},
	author = {Appleyard, Mark and Fireman, Zvi and Glukhovsky, Arkady and Jacob, Harold and Shreiver, Reuven and Kadirkamanathan, Srinathan and Lavy, Alexandra and Lewkowicz, Schlomo and Scapa, Eytan and Shofti, Rona and Swain, Paul and Zaretsky, Assaf},
	pages = {1431--1438},
	annote = {doi: 10.1053/gast.2000.20844}
}

@misc{proguard,
	title = {{ProGuard}},
	url = {http://proguard.sourceforge.net/},
	urldate = {2015-08-28},
	file = {ProGuard:C\:\\Users\\Lukas\\AppData\\Roaming\\Zotero\\Zotero\\Profiles\\mis9li42.default\\zotero\\storage\\9THC6BET\\proguard.sourceforge.net.html:text/html}
}

@misc{miroview,
	title = {{MiroView} {Image}},
	url = {http://i.ytimg.com/vi/J3uHafbQ6vk/maxresdefault.jpg},
	urldate = {2015-08-02},
	file = {maxresdefault.jpg (1280×720):C\:\\Users\\Lukas\\AppData\\Roaming\\Zotero\\Zotero\\Profiles\\mis9li42.default\\zotero\\storage\\98P4AI3X\\maxresdefault.html:text/html}
}

@misc{gumption:,
	title = {Gumption: {Recommender} {Systems}},
	url = {http://gumption.typepad.com/blog/recommender_systems/},
	urldate = {2015-01-13},
	file = {Gumption\: Recommender Systems:C\:\\Users\\Lukas\\AppData\\Roaming\\Zotero\\Zotero\\Profiles\\mis9li42.default\\zotero\\storage\\C6CBWZ73\\recommender_systems.html:text/html}
}

@misc{opencv,
	title = {{OpenCV} 3 {Image} {Thresholding} and {Segmentation} - 2015},
	url = {http://www.bogotobogo.com/python/OpenCV_Python/python_opencv3_Image_Global_Thresholding_Adaptive_Thresholding_Otsus_Binarization_Segmentations.php},
	urldate = {2015-08-07},
	file = {OpenCV 3 Image Thresholding and Segmentation - 2015:C\:\\Users\\Lukas\\AppData\\Roaming\\Zotero\\Zotero\\Profiles\\mis9li42.default\\zotero\\storage\\4SX7BQE3\\python_opencv3_Image_Global_Thresholding_Adaptive_Thresholding_Otsus_Binarization_Segmentations.html:text/html}
}

@misc{apache,
	title = {Apache {Maven} {Shade} {Plugin} – {Introduction}},
	url = {https://maven.apache.org/plugins/maven-shade-plugin/},
	urldate = {2015-09-06},
	file = {Apache Maven Shade Plugin – Introduction:C\:\\Users\\Lukas\\AppData\\Roaming\\Zotero\\Zotero\\Profiles\\mis9li42.default\\zotero\\storage\\8S5J6AAX\\maven-shade-plugin.html:text/html}
}

@article{detection,
	title = {Detection of bleeding in wireless capsule endoskopy images using range ratio color},
	volume = {May 2010},
	url = {http://arxiv.org/ftp/arxiv/papers/1005/1005.5439.pdf},
	number = {2},
	urldate = {2015-01-13},
	journal = {2},
	author = {Amer, Al-Rahayfeh and Abdelshakour, Abuzneid},
	file = {Seznam – Najdu tam, co neznám:C\:\\Users\\Lukas\\AppData\\Roaming\\Zotero\\Zotero\\Profiles\\mis9li42.default\\zotero\\storage\\SHTZG9C3\\www.seznam.cz.html:text/html}
}

@misc{canny,
	title = {Canny {Edge} {Detection}},
	url = {http://www.cse.iitd.ernet.in/~pkalra/csl783/canny.pdf},
	urldate = {2015-01-13},
	year = {2009},
	file = {Seznam – Najdu tam, co neznám:C\:\\Users\\Lukas\\AppData\\Roaming\\Zotero\\Zotero\\Profiles\\mis9li42.default\\zotero\\storage\\HVP66687\\www.seznam.cz.html:text/html}
}

@misc{maven,
	title = {Maven – {Welcome} to {Apache} {Maven}},
	url = {https://maven.apache.org/},
	urldate = {2015-08-28},
	file = {Maven – Welcome to Apache Maven:C\:\\Users\\Lukas\\AppData\\Roaming\\Zotero\\Zotero\\Profiles\\mis9li42.default\\zotero\\storage\\IQMU8QN7\\maven.apache.org.html:text/html}
}

@misc{pillcam,
	title = {{PillCam}® {Capsule} {Endoscopy}, {User} {Manual}, {Rapid}® v8.0},
	author = {Given Imaging Ltd.},
	year = {2013}
}

@misc{apache-1,
	title = {Apache {POI} - the {Java} {API} for {Microsoft} {Documents}},
	url = {https://poi.apache.org/},
	urldate = {2015-08-28},
	file = {Apache POI - the Java API for Microsoft Documents:C\:\\Users\\Lukas\\AppData\\Roaming\\Zotero\\Zotero\\Profiles\\mis9li42.default\\zotero\\storage\\KRUT6ZUZ\\poi.apache.org.html:text/html}
}

@misc{gisentinel,
	title = {{GISentinel}},
	url = {http://www.xyken.com/Pages/MedicalSolutions.aspx},
	urldate = {2015-08-02},
	file = {GISentinel:C\:\\Users\\Lukas\\AppData\\Roaming\\Zotero\\Zotero\\Profiles\\mis9li42.default\\zotero\\storage\\IJF5H3JN\\MedicalSolutions.html:text/html}
}

@misc{eroding,
	title = {Eroding and {Dilating} — {OpenCV} 2.4.9.0 documentation},
	url = {http://docs.opencv.org/doc/tutorials/imgproc/erosion_dilatation/erosion_dilatation.html},
	urldate = {2015-01-13},
	file = {Eroding and Dilating — OpenCV 2.4.9.0 documentation:C\:\\Users\\Lukas\\AppData\\Roaming\\Zotero\\Zotero\\Profiles\\mis9li42.default\\zotero\\storage\\I6VMGMVN\\erosion_dilatation.html:text/html}
}

@book{image,
	address = {Mason, OH},
	edition = {International student ed},
	title = {Image processing, analysis, and machine vision},
	isbn = {0495244384},
	publisher = {Thomson},
	author = {Sonka, Milan},
	year = {2007}
}

@article{comparative,
	title = {Comparative studies of {Trypanosoma} vespertilionis {Battaglia} and {Trypanosoma} dionisii {Bettencourt} \& {França}},
	volume = {22},
	issn = {0022-3921},
	abstract = {In diphasic blood agar media Trypanosoma vespertilionis developed spheroid clusters as compared to rather long, sausage-shaped (sometimes branched) clusters formed by Trypanosoma dionisii. The former species attained a greater population density (approximately 6 X 10(7) organisms/ml) than the latter (approximately 2 X 10(7) organisms/ml). Greater numbers of epimastigotes, some in active binary divisions, were observed during the logarithmic phase of growth, and morphologic changes occurred during cultivation which correlated with increased acidity and a depletion of glucose. Maximum numbers of trypomastigote forms were found during the stationary and early death phases. Most of the forms observed after 20 days were sphaeromastigotes. Glucose concentrations decreased to 0 M in T. vespertilionis and to 4.4 X 10(-5) M in T. dionisii cultures during the stationary and death phases. By the 12th day of incubation cultures of T. vespertilionis were more acid (pH 5.5) than those of T. dionisii vespertilionis and T. dionisii contained common and specific antigens. At least 2-3 common antigens were detected in extracts reacted against heterologous antisera. Specific antigens were observed as nonidentical lines formed by extracts reacted against homologous and heterologous antisera and with antisera absorbed with heterologous antigens. At least 2 specific antigens were evident in extracts of T. vespertilionis and 1 in extracts of T. dionisii.},
	language = {eng},
	number = {4},
	journal = {The Journal of Protozoology},
	author = {Soria, C. A. and Dusanic, D. G.},
	month = nov,
	year = {1975},
	pmid = {495},
	keywords = {Animals, Antigens, Glucose, Hydrogen-Ion Concentration, Chiroptera, Trypanosoma},
	pages = {509--513}
}

@misc{apache-2,
	title = {Apache {PDFBox} {\textbar} {A} {Java} {PDF} {Library}},
	url = {https://pdfbox.apache.org/},
	urldate = {2015-08-28},
	file = {Apache PDFBox | A Java PDF Library:C\:\\Users\\Lukas\\AppData\\Roaming\\Zotero\\Zotero\\Profiles\\mis9li42.default\\zotero\\storage\\2FT7ETV4\\pdfbox.apache.org.html:text/html}
}

@misc{rapidsoftware,
	title = {{RapidSoftware} v8 {Image}},
	url = {http://i.ytimg.com/vi/QHHuHvpYn6I/maxresdefault.jpg},
	urldate = {2015-08-02},
	file = {maxresdefault.jpg (1278×720):C\:\\Users\\Lukas\\AppData\\Roaming\\Zotero\\Zotero\\Profiles\\mis9li42.default\\zotero\\storage\\HUNH4FDZ\\maxresdefault.html:text/html}
}

@misc{intromedic,
	title = {{IntroMedic}},
	url = {http://www.intromedic.com/eng/sub_products_1.html},
	urldate = {2015-06-24},
	file = {IntroMedic:C\:\\Users\\Lukas\\AppData\\Roaming\\Zotero\\Zotero\\Profiles\\mis9li42.default\\zotero\\storage\\K44ASJN9\\sub_products_1.html:text/html}
}

@article{technique,
	title = {A technique for blood detection in wireless capsule endoscopy images},
	volume = {2009},
	url = {http://www.eurasip.org/Proceedings/Eusipco/Eusipco2009/contents/papers/1569190828.pdf},
	urldate = {2015-01-13},
	author = {Barbara, Penna and Tammam, Tillo and Marco, Grangetto and Enrico, Magli and Gabriella, Olmo},
	file = {Seznam – Najdu tam, co neznám:C\:\\Users\\Lukas\\AppData\\Roaming\\Zotero\\Zotero\\Profiles\\mis9li42.default\\zotero\\storage\\S77H2H99\\www.seznam.cz.html:text/html}
}

@misc{launch4j,
	title = {Launch4j - {Cross}-platform {Java} executable wrapper},
	url = {http://launch4j.sourceforge.net/},
	urldate = {2015-08-28},
	file = {Launch4j - Cross-platform Java executable wrapper:C\:\\Users\\Lukas\\AppData\\Roaming\\Zotero\\Zotero\\Profiles\\mis9li42.default\\zotero\\storage\\4EJI9ZCG\\launch4j.sourceforge.net.html:text/html}
}

@misc{endocapsule,
	title = {{ENDOCAPSULE} ({MAJ}-2027) {\textbar} {Olympus} {America} {\textbar} {Medical}},
	url = {http://medical.olympusamerica.com/products/endocapsule-maj-2027},
	urldate = {2015-06-24},
	file = {ENDOCAPSULE (MAJ-2027) | Olympus America | Medical:C\:\\Users\\Lukas\\AppData\\Roaming\\Zotero\\Zotero\\Profiles\\mis9li42.default\\zotero\\storage\\F22BAFVG\\endocapsule-maj-2027.html:text/html}
}

@misc{about,
	title = {About {Mayo} {Clinic} - {About} {Us} - {Mayo} {Clinic}},
	url = {http://www.mayoclinic.org/about-mayo-clinic},
	urldate = {2015-08-02},
	file = {About Mayo Clinic - About Us - Mayo Clinic:C\:\\Users\\Lukas\\AppData\\Roaming\\Zotero\\Zotero\\Profiles\\mis9li42.default\\zotero\\storage\\XAS9Z2KV\\about-mayo-clinic.html:text/html}
}

@misc{opencv:,
	title = {{OpenCV}: {Smoothing} {Images}},
	url = {http://docs.opencv.org/master/d4/d13/tutorial_py_filtering.html#gsc.tab=0},
	urldate = {2015-09-10},
	file = {OpenCV\: Smoothing Images:C\:\\Users\\Lukas\\AppData\\Roaming\\Zotero\\Zotero\\Profiles\\mis9li42.default\\zotero\\storage\\2NG5H9HA\\tutorial_py_filtering.html:text/html}
}

@misc{capsule,
	title = {Capsule endoscopy camera - {Mayo} {Clinic}},
	url = {http://www.mayoclinic.org/tests-procedures/capsule-endoscopy/basics/definition/prc-20012773},
	urldate = {2015-06-24},
	file = {Capsule endoscopy camera - Mayo Clinic:C\:\\Users\\Lukas\\AppData\\Roaming\\Zotero\\Zotero\\Profiles\\mis9li42.default\\zotero\\storage\\Z797RJTI\\img-20008293.html:text/html}
}

@misc{olympuseuropa,
	title = {{OlympusEuropa}},
	url = {http://www.olympus-europa.com/medical/en/medical_systems/applications/gastroenterology_1/capsule_endoscopy_and_enterology/capsule_endoscopy_and_enterology.html},
	urldate = {2015-08-02},
	file = {Olympus -Capsule Endoscopy and Enterology| Medical Systems:C\:\\Users\\Lukas\\AppData\\Roaming\\Zotero\\Zotero\\Profiles\\mis9li42.default\\zotero\\storage\\AU7JE5P8\\capsule_endoscopy_and_enterology.html:text/html}
}